|0000|002|0|||01032019|31032019|EMPRESA YYY|77777777000191|MG|3106200||00|0|
|0001|0|
|0110|1|1|1|
|0140|1|EMPRESA YYY|77777777000191|MG||3106200|||
|0150|12345|EMPRESA1 BRASIL LTDA|1058|03389590123456|||5201401||||||
|0150|54321|EMPRESA2 BRASIL LTDA|1058|03389590123457|||5201401||||||
|0200|000000000000120011|OLEO FUSEL|||LT|03|38249089||38||0|
|0200|000000000000200149|OLEO DIESEL S500 NAO ADITIVADO|||LT|02|27101921||27||0|
|0200|000000000000202542|CORANTE LARANJA AEAC III SINTENAC|||KG|02|28321010||28||0|
|0140|1|EMPRESA YYY - FILIAL|77777777000212|MG||3106200|||
|0150|655412|EMPRESA2 BRASIL LTDA|1058|03389590123457|||5201401||||||
|0200|000000000000203858|ALUMINIO SULFATO SOLIDO FERROSO|||KG|02|28332200||28||0|
|0990|5|
|A001|1|
|A990|2|
|C001|1|
|C010|77777777000191||
|C100|0|1|12345|55|00||11986|234567234563456789876543456787654|21102014|12012015|312,11|1|0||312,11|0|0|0|0|0|0|0|0|0|5,22|24,02|0|0|
|C170|1|000000000000120011||3|PC|316,11|0|0|090|2407||0|0|0|0|0|0|0|53||0|0|0|53|312,11|1,65|||5,22|53|312,11|7,6|||24,02||
|C100|0|1|54321|01|00|1|257||20112014|06012015|157,1|1|0||157,1|0|0|0|0|0|0|0|0|0|2,6|12,02|0|0|
|C170|1|000000000000120011||1|UN|79,05|0|0|040|1933||0|0|0|0|0|0|0|53||0|0|0|53|78,05|1,65|||1,3|53|78,05|7,6|||6,01||
|C170|2|000000000000200149||1|UN|79,05|0|0|040|1933||0|0|0|0|0|0|0|53||0|0|0|53|79,05|1,65|||1,3|53|79,05|7,6|||6,01||
|C010|77777777000212||
|C100|0|1|655412|55|00|003|1798|12345678976543234567898765|24112014|05012015|5050,2|1|0||5050,2|0|0|0|0|0|0|0|0|0|83,33|383,82|0|0|
|C170|1|000000000000203858||1|CJ|5050,2|0|0|090|1556||0|0|0|0|0|0|0|53||0|0|0|53|5050,2|1,65|||83,33|53|5050,2|7,6|||383,82||
|C990|2|
|D001|1|
|D990|2|
|F001|1|
|F990|2|
|M001|0|
|M200|0|0|0|0|0|0|0|0|0|0|0|0|
|M600|0|0|0|0|0|0|0|0|0|0|0|0|
|M990|4|
|1001|1|
|1990|2|
|9001|0|
|9900|0000|1|
|9900|0001|1|
|9900|0110|1|
|9900|0140|1|
|9900|0990|1|
|9900|1001|1|
|9900|1990|1|
|9900|9001|1|
|9900|9990|1|
|9900|9999|1|
|9900|A001|1|
|9900|A990|1|
|9900|C001|1|
|9900|C990|1|
|9900|D001|1|
|9900|D990|1|
|9900|F001|1|
|9900|F990|1|
|9900|M001|1|
|9900|M200|1|
|9900|M600|1|
|9900|M990|1|
|9900|9900|23|
|9990|26|
|9999|45|
